<record><leader>00000cas a22000007a 4500</leader><controlfield tag="001">9518489</controlfield><controlfield tag="008">830517d18641909oruwr ne      0    0eng d</controlfield><datafield ind1=" " ind2=" " tag="010"><subfield code="a">sn 83045535 </subfield></datafield><datafield ind1=" " ind2=" " tag="040"><subfield code="a">CRL</subfield><subfield code="b">eng</subfield><subfield code="c">CRL</subfield><subfield code="d">NPW</subfield><subfield code="d">NPX</subfield><subfield code="d">NPU</subfield><subfield code="d">DLC</subfield><subfield code="d">MGN</subfield><subfield code="d">CNK</subfield><subfield code="d">CNW</subfield><subfield code="d">OCL</subfield><subfield code="d">TGN</subfield><subfield code="d">CRL</subfield><subfield code="d">DLC</subfield><subfield code="d">OCLCO</subfield><subfield code="d">OCLCQ</subfield><subfield code="d">OCLCF</subfield></datafield><datafield ind1="1" ind2=" " tag="029"><subfield code="a">AU@</subfield><subfield code="b">000025815035</subfield></datafield><datafield ind1=" " ind2=" " tag="042"><subfield code="a">msc</subfield></datafield><datafield ind1=" " ind2=" " tag="043"><subfield code="a">n-us-or</subfield></datafield><datafield ind1="0" ind2="0" tag="050"><subfield code="a">Newspaper 9358</subfield></datafield><datafield ind1="0" ind2="0" tag="245"><subfield code="a">Oregon state journal.</subfield></datafield><datafield ind1="1" ind2="3" tag="246"><subfield code="a">State journal</subfield></datafield><datafield ind1=" " ind2=" " tag="260"><subfield code="a">Eugene City [Or.] :</subfield><subfield code="b">Kincaid, Ware &amp; Thompson,</subfield><subfield code="c">1864-1909.</subfield></datafield><datafield ind1=" " ind2=" " tag="300"><subfield code="a">46 volumes ;</subfield><subfield code="c">54-60 cm</subfield></datafield><datafield ind1=" " ind2=" " tag="310"><subfield code="a">Weekly</subfield></datafield><datafield ind1=" " ind2=" " tag="336"><subfield code="a">text</subfield><subfield code="b">txt</subfield><subfield code="2">rdacontent</subfield></datafield><datafield ind1=" " ind2=" " tag="337"><subfield code="a">unmediated</subfield><subfield code="b">n</subfield><subfield code="2">rdamedia</subfield></datafield><datafield ind1=" " ind2=" " tag="338"><subfield code="a">volume</subfield><subfield code="b">nc</subfield><subfield code="2">rdacarrier</subfield></datafield><datafield ind1="0" ind2=" " tag="362"><subfield code="a">Vol. 1, no. 1 (Mar. 12, 1864)-v. 46, no. 22 (May 29, 1909).</subfield></datafield><datafield ind1=" " ind2=" " tag="500"><subfield code="a">Publishers: Kincaid &amp; Ware, 1864-1865; H.R. Kincaid, 1865-1870; John S. Kincaid, 1870-1873; H.R. Kincaid, 1874-1909.</subfield></datafield><datafield ind1=" " ind2=" " tag="500"><subfield code="a">"Union," &lt;1864&gt;; "Republican," &lt;1869-1876&gt;.</subfield></datafield><datafield ind1=" " ind2=" " tag="500"><subfield code="a">Editors: H.R. Kincaid, 1864-1909; J. Ware, 1864-1865; W. Thompson, 1864.</subfield></datafield><datafield ind1=" " ind2=" " tag="530"><subfield code="a">Also issued on microfilm from University of California, Berkeley; Micro Photo Div., Bell &amp; Howell; University of Washington, Seattle; and: Readex Film Products.</subfield></datafield><datafield ind1=" " ind2="0" tag="651"><subfield code="a">Eugene (Or.)</subfield><subfield code="v">Newspapers.</subfield></datafield><datafield ind1=" " ind2="0" tag="651"><subfield code="a">Lane County (Or.)</subfield><subfield code="v">Newspapers.</subfield></datafield><datafield ind1=" " ind2="7" tag="655"><subfield code="a">Newspapers.</subfield><subfield code="2">fast</subfield><subfield code="0">(OCoLC)fst01423814</subfield></datafield><datafield ind1=" " ind2="7" tag="651"><subfield code="a">Oregon</subfield><subfield code="z">Eugene.</subfield><subfield code="2">fast</subfield><subfield code="0">(OCoLC)fst01205922</subfield></datafield><datafield ind1=" " ind2="7" tag="651"><subfield code="a">Oregon</subfield><subfield code="z">Lane County.</subfield><subfield code="2">fast</subfield><subfield code="0">(OCoLC)fst01208163</subfield></datafield><datafield ind1="1" ind2=" " tag="700"><subfield code="a">Kincaid, Harrison R.</subfield><subfield code="q">(Harrison Rittenhouse),</subfield><subfield code="d">1836-1920.</subfield></datafield><datafield ind1="1" ind2=" " tag="700"><subfield code="a">Ware, Joel,</subfield><subfield code="d">1832-1901.</subfield></datafield><datafield ind1="1" ind2=" " tag="700"><subfield code="a">Thompson, William,</subfield><subfield code="d">1848-</subfield></datafield><datafield ind1=" " ind2=" " tag="752"><subfield code="a">United States</subfield><subfield code="b">Oregon</subfield><subfield code="c">Lane</subfield><subfield code="d">Eugene.</subfield></datafield></record>